@article{macfadyen,
        author={Weiqun Zhang, Andrew Macfadyen},
        title={RAM: A Relativistic Adaptive Mesh Refinement Hydrodynamics Code},
        journal = {The Astrophysical Journal Supplement Series},
        volume = {215},
        number = {1},
        pages = {5--8},
        DOI = {arXiv:astro-ph/0505481}
}
@article{marti,
        author={Jose Marti,Ewald Muller},
        title={Numerical Hydrodynamics in Special Relativity},
        journal={Living Reviews in Relativity},
        volume={6},
        number={7},
        pages={73--74},
        DOI={https://doi.org/10.12942/lrr-2003-7}
}
@article{donmez,
        author={Orhan Donmez},
        title={Solving 1-D special relativistic hydrodynamics (SRH) equations using different numerical methods and results from different test problems},
        journal={Applied Mathematics and Computation},
        volume={181},
        number={1},
        DOI={https://doi.org/10.1016/j.amc.2006.01.031}
}
@book{rezzolla,
        title={Relativistic Hydrodynamics},
        author={Luciano Rezzolla,Olindo Zanotti},
        year={2013},
        publisher={Oxford University Press}
}
